%[44]
@article{shannon1949communication,
  title={Communication theory of secrecy systems},
  author={Shannon, Claude E},
  journal={Bell system technical journal},
  volume={\textbf{28}},
  number={4},
  pages={656--715},
  year={1949},
  publisher={Wiley Online Library}
}

%[34]
@inproceedings{kipnis1999cryptanalysis,
	title={Cryptanalysis of the HFE public key cryptosystem by relinearization},
	author={Kipnis, Aviad and Shamir, Adi},
	booktitle={Annual International Cryptology Conference},
	pages={19--30},
	year={1999},
	organization={Springer}
}

%[19]
@inproceedings{courtois2002cryptanalysis,
	title={Cryptanalysis of block ciphers with overdefined systems of equations},
	author={Courtois, Nicolas T and Pieprzyk, Josef},
	booktitle={International Conference on the Theory and Application of Cryptology and Information Security},
	pages={267--287},
	year={2002},
	organization={Springer}
}

%[25]
@article{faugere1999new,
	title={A new efficient algorithm for computing Gr{\"o}bner bases (F4)},
	author={Faugere, Jean-Charles},
	journal={Journal of pure and applied algebra},
	volume={139},
	number={1},
	pages={61--88},
	year={1999},
	publisher={Elsevier}
}

%[26]
@inproceedings{Faugere2002,
	author = {Faug\`{e}re, Jean Charles},
	title = {A New Efficient Algorithm for Computing Gr\"{o}Bner Bases Without Reduction to Zero (F5)},
	booktitle = {Proceedings of the 2002 International Symposium on Symbolic and Algebraic Computation},
	series = {ISSAC '02},
	year = {2002},
	isbn = {1-58113-484-3},
	location = {Lille, France},
	pages = {75--83},
	numpages = {9},
	url = {http://doi.acm.org/10.1145/780506.780516},
	doi = {10.1145/780506.780516},
	acmid = {780516},
	publisher = {ACM},
	address = {New York, NY, USA}
} 

%David Kahn 

@techreport{kahn1996code,
	title={The Code breakers--The Story of Secret Writing. Scribner, New York, USA 1996},
	author={Kahn, D},
	year={1996},
	institution={ISBN 0-684-83130-9}
}

%Katz & Lindell

@book{katz2014introduction,
	title={Introduction to modern cryptography},
	author={Katz, Jonathan and Lindell, Yehuda},
	year={2014},
	publisher={CRC press}
}

%diffi-helman 
@article{diffie1976new,
	title={New directions in cryptography},
	author={Diffie, Whitfield and Hellman, Martin},
	journal={IEEE transactions on Information Theory},
	volume={\textbf{22}},
	number={6},
	pages={644--654},
	year={1976},
	publisher={IEEE}
}

%albercht thesis

@phdthesis{albrecht2010alorithmic,
	title={Algorithmic algebraic techniques and their application to block cipher cryptanalysis},
	author={Albrecht, Martin},
	year={2010},
	school={University of london}
}

%cox IVA
@book{IVAcox,
	AUTHOR = {Cox, David A.; Little, John and O'Shea, Donal},
	TITLE = {Ideals, varieties, and algorithms},
	SERIES = {Undergraduate Texts in Mathematics},
	EDITION = {Fourth},
	NOTE = {An introduction to computational algebraic geometry and
	commutative algebra},
	PUBLISHER = {Springer, Cham},
	YEAR = {2015},
	PAGES = {xvi+646},
	ISBN = {978-3-319-16720-6; 978-3-319-16721-3},
	MRCLASS = {13P10 (13-01 14-01 14Qxx 68W30)},
	MRNUMBER = {3330490},
	DOI = {10.1007/978-3-319-16721-3},
	URL = {http://dx.doi.org/10.1007/978-3-319-16721-3},
}

%[32]
@book{cca1_kreuzer,
	AUTHOR = {Kreuzer, Martin and Robbiano, Lorenzo},
	TITLE = {Computational commutative algebra 1},
	NOTE = {Corrected reprint of the 2000 original},
	PUBLISHER = {Springer-Verlag, Berlin},
	YEAR = {2008},
	PAGES = {x+321},
	ISBN = {978-3-540-67733-8},
	MRCLASS = {13P10 (13-01)},
	MRNUMBER = {2723052},
}

%[33]
@book{cca2_kreuzer,
	AUTHOR = {Kreuzer, Martin and Robbiano, Lorenzo},
	TITLE = {Computational commutative algebra. 2},
	PUBLISHER = {Springer-Verlag, Berlin},
	YEAR = {2005},
	PAGES = {x+586},
	ISBN = {978-3-540-25527-7; 3-540-25527-3},
	MRCLASS = {13P10 (68W30)},
	MRNUMBER = {2159476},
	MRREVIEWER = {Paulo F. Machado},
}

%reference for elimination order definition
@book{adams1994introduction,
	title={An introduction to Gr{\"o}bner bases},
	author={Adams, William Wells and Loustaunau, Philippe},
	number={3},
	year={1994},
	publisher={American Mathematical Soc.}
}

%complexity of groebner bases (ref of albrecht thesis)
@article{weispfenning1993groebner,
	title={Groebner bases: a computational approach to commutative algebra},
	author={Weispfenning, Volker; Becker, Thomas and Kredel, Heinz},
	journal={Graduate Texts in Mathematics. Springer-Verlag},
	year={1993}
}
% رساله‌ی دکتری بوخبرگر
@article{buchberger1965finding,
	title={On finding a vector space basis of the residue class ring modulo a zero dimensional polynomial ideal},
	author={Buchberger, B},
	journal={PhDThesis, Univ of Innsbruck, Austria},
	year={1965}
}
%complexity of groebner basis computation. 67 in albrecht thesis
@phdthesis{faugere2004comparison,
	title={Comparison of XL and Gr{\"o}bner basis algorithms over Finite Fields},
	author={Faug{\`e}re, Jean-Charles and Ars, Gw{\'e}nol{\'e}},
	year={2004},
	school={INRIA}
}
%computing groebner basis and then change order of it. 1
@article{faugere1993efficient,
	title={Efficient computation of zero-dimensional Gr{\"o}bner bases by change of ordering},
	author={Faugere, Jean-Charles; Gianni, Patrizia; Lazard, Daniel and Mora, Teo},
	journal={Journal of Symbolic Computation},
	volume={\textbf{16}},
	number={4},
	pages={329--344},
	year={1993},
	publisher={Elsevier}
}
%computing groebner basis and then change order of it. 2
@article{collart1997converting,
	title={Converting bases with the Gr{\"o}bner walk},
	author={Collart, St{\'e}phane; Kalkbrener, Michael and Mall, Daniel},
	journal={Journal of Symbolic Computation},
	volume={\textbf{24}},
	number={3},
	pages={465--469},
	year={1997},
	publisher={Elsevier}
}

%[26], F5

%الگوریتم بوخبرگر مولر -مقاله اصلی
@inproceedings{moller1982construction,
	title={The construction of multivariate polynomials with preassigned zeros},
	author={M{\"o}ller, H Michael and Buchberger, Bruno},
	booktitle={European Computer Algebra Conference},
	pages={24--31},
	year={1982},
	organization={Springer}
}
%[14]
@incollection{courtois2003fast,
	title={Fast algebraic attacks on stream ciphers with linear feedback},
	author={Courtois, Nicolas T},
	booktitle={Advances in Cryptology-CRYPTO 2003},
	pages={176--194},
	year={2003},
	publisher={Springer}
}

%[18]
@incollection{courtois2003algebraic,
	title={Algebraic attacks on stream ciphers with linear feedback},
	author={Courtois, Nicolas T and Meier, Willi},
	booktitle={Advances in Cryptology—EUROCRYPT 2003},
	pages={345--359},
	year={2003},
	publisher={Springer}
}
%[30]
@inproceedings{hawkes2004rewriting,
	title={Rewriting variables: The complexity of fast algebraic attacks on stream ciphers},
	author={Hawkes, Philip and Rose, Gregory G},
	booktitle={Advances in Cryptology--CRYPTO 2004},
	pages={390--406},
	year={2004},
	organization={Springer}
}
%begin of Border basis references:
%stetter numerival polynomial algebra
@book{stetter2004numerical,
	title={Numerical polynomial algebra},
	author={Stetter, Hans J},
	year={2004},
	publisher={Siam}
}

@incollection{auzinger1988elimination,
	title={An elimination algorithm for the computation of all zeros of a system of multivariate polynomial equations},
	author={Auzinger, Winfried and Stetter, Hans J},
	booktitle={Numerical Mathematics Singapore 1988},
	pages={11--30},
	year={1988},
	publisher={Springer}
}

@inproceedings{moller1993systems,
	title={Systems of algebraic equations solved by means of endomorphisms},
	author={M{\"o}ller, H Michael},
	booktitle={International Symposium on Applied Algebra, Algebraic Algorithms, and Error-Correcting Codes},
	pages={43--56},
	year={1993},
	organization={Springer}
}
@inproceedings{mourrain1999new,
	title={A new criterion for normal form algorithms},
	author={Mourrain, Bernard},
	booktitle={International Symposium on Applied Algebra, Algebraic Algorithms, and Error-Correcting Codes},
	pages={430--442},
	year={1999},
	organization={Springer}
}

@article{kehrein2006computing,
	title={Computing border bases},
	author={Kehrein, Achim and Kreuzer, Martin},
	journal={Journal of Pure and Applied Algebra},
	volume={\textbf{205}},
	number={2},
	pages={279--295},
	year={2006},
	publisher={Elsevier}
}
%Mourrain generic algorithm

%A5/1
@inproceedings{biryukov2000real,
	title={Real Time Cryptanalysis of A5/1 on a PC},
	author={Biryukov, Alex; Shamir, Adi and Wagner, David},
	booktitle={International Workshop on Fast Software Encryption},
	pages={1--18},
	year={2000},
	organization={Springer}
}
%A%/2
@incollection{barkan2003instant,
	title={Instant ciphertext-only cryptanalysis of GSM encrypted communication},
	author={Barkan, Elad; Biham, Eli and Keller, Nathan},
	booktitle={Advances in Cryptology-CRYPTO 2003},
	pages={600--616},
	year={2003},
	publisher={Springer}
}
%[34] relinearization
@inproceedings{kipnis1999cryptanalysis,
	title={Cryptanalysis of the HFE public key cryptosystem by relinearization},
	author={Kipnis, Aviad and Shamir, Adi},
	booktitle={Advances in cryptology—CRYPTO’99},
	pages={19--30},
	year={1999},
	organization={Springer}
}
%[17] XL
@inproceedings{courtois2000efficient,
	title={Efficient algorithms for solving overdefined systems of multivariate polynomial equations},
	author={Courtois, Nicolas; Klimov, Alexander; Patarin, Jacques and Shamir, Adi},
	booktitle={Advances in Cryptology—EUROCRYPT 2000},
	pages={392--407},
	year={2000},
	organization={Springer}
}

%[1]
@article{albrecht2008algebraic,
	title={Algebraic attacks on the Courtois toy cipher},
	author={Albrecht, Martin},
	journal={Cryptologia},
	volume={\textbf{32}},
	number={3},
	pages={220--276},
	year={2008},
	publisher={Taylor \& Francis}
}

%main 
@article{kreuzer2009algebraic,
	title={Algebraic attacks galore!},
	author={Kreuzer, Martin},
	journal={Groups--Complexity--Cryptology},
	volume={\textbf{1}},
	number={2},
	pages={231--259},
	year={2009}
}
%[21]
@incollection{diem2004xl,
	title={The XL-algorithm and a conjecture from commutative algebra},
	author={Diem, Claus},
	booktitle={Advances in Cryptology-ASIACRYPT 2004},
	pages={323--337},
	year={2004},
	publisher={Springer}
}
%[20]
@inproceedings{courtois2000efficient,
	title={Efficient algorithms for solving overdefined systems of multivariate polynomial equations},
	author={Courtois, Nicolas; Klimov, Alexander; Patarin, Jacques and Shamir, Adi},
	booktitle={Advances in Cryptology—EUROCRYPT 2000},
	pages={392--407},
	year={2000},
	organization={Springer}
}
%[5]
@incollection{ars2004comparison,
	title={Comparison between XL and Gr{\"o}bner basis algorithms},
	author={Ars, Gw{\'e}nol{\'e}; Faugere, Jean-Charles; Imai, Hideki; Kawazoe, Mitsuru and Sugita, Makoto},
	booktitle={Advances in Cryptology-ASIACRYPT 2004},
	pages={338--353},
	year={2004},
	publisher={Springer}
}
%[45]
@misc{sugita2004relation,
	title={Relation between XL algorithm and Gr{\"o}bner Bases Algorithms, IACR eprint server},
	author={Sugita, M; Kawazoe, M and Imai, H},
	year={2004}
}
%[46]
@article{xiao2003applicability,
	title={Applicability of XSL attacks to block ciphers},
	author={Xiao, L},
	journal={Electronics Letters},
	volume={\textbf{39}},
	number={25},
	pages={1810--1811},
	year={2003},
	publisher={The Institution of Engineering \& Technology}
}
%[40]
@article{murphy2003comments,
	title={Comments on the Security of the AES and the XSL Technique},
	author={Murphy, Sean and Robshaw, Matthew},
	journal={Electronic Letters},
	volume={\textbf{39}},
	number={1},
	pages={36--38},
	year={2003},
	publisher={Citeseer}
}
%[22]MXL1
@article{ding2008mutantxl,
	title={MutantXL},
	author={Ding, Jintai; Buchmann, Johannes; Mohamed, Mohamed Saied Emam; Mohamed, Wael Said Abd Elmageed and Weinmann, Ralf-Philipp},
	journal={Proc. Symbolic Computation and Cryptography},
	year={2008},
	publisher={Citeseer}
}
%[37]MXL2 or improved MXL
@inproceedings{mohamed2008mxl2,
	title={MXL2: Solving polynomial equations over GF (2) using an improved mutant strategy},
	author={Mohamed, Mohamed Saied Emam; Mohamed, Wael Said Abd Elmageed; Ding, Jintai and Buchmann, Johannes},
	booktitle={International Workshop on Post-Quantum Cryptography},
	pages={203--215},
	year={2008},
	organization={Springer}
}

%MXL3
@inproceedings{mohamed2009mxl3,
	title={MXL3: An efficient algorithm for computing Gr{\"o}bner bases of zero-dimensional ideals},
	author={Mohamed, Mohamed Saied Emam; Cabarcas, Daniel; Ding, Jintai; Buchmann, Johannes; Bulygin, Stanislav},
	booktitle={International Conference on Information Security and Cryptology},
	pages={87--100},
	year={2009},
	organization={Springer}
}
%[Doctoral Thesis of   m.kreuzer's student]
@phdthesis{ullah2012new,
	title={New Techniques for Polynomial System Solving},
	author={Ullah, Ehsan},
	year={2012},
	school={Universit{\"a}t Passau}
}
%proof of the first th in f4 section
@article{segers2004algebraic,
	title={Algebraic attacks from a Gr{\"o}bner basis perspective},
	author={Segers, AJM},
	journal={Master's thesis, Technische Universiteit Eindhoven},
	year={2004}
}
% Bards Book
@book{bard2009algebraic,
	title={Algebraic cryptanalysis},
	author={Bard, Gregory},
	year={2009},
	publisher={Springer Science \& Business Media}
}

@inproceedings{courtois2008algebraic,
	title={Algebraic and slide attacks on KeeLoq},
	author={Courtois, Nicolas T; Bard, Gregory V and Wagner, David},
	booktitle={International Workshop on Fast Software Encryption},
	pages={97--115},
	year={2008},
	organization={Springer}
}
@misc{CoCoA-5,
	author = {Bigatti, A. M., Abbott  J. and  Lagorio, G.},
	title = {{CoCoA-5}: a system for doing {C}omputations in {C}ommutative {A}lgebra},
	howpublished ={Available at \url{http://cocoa.dima.unige.it}},
}
%ApCoCoA-1.9
@misc{ApCoCoA,
	author = {Kreuzer, Martin  and others},
	title = {{ApCoCoA-1.9}: {A}pproximate {C}omputations in {C}ommutative
	{A}lgebra},
	howpublished ={Available at \url{http://www.apcocoa.org}},
}
%Singular
@misc {DGPS,
	title = {{\sc Singular} {4-1-0} --- {A} computer algebra system for polynomial computations},
	author = {Decker, Wolfram and Greuel, Gert-Martin and Pfister, Gerhard and Sch\"onemann, Hans},
	year = {2016},
	howpublished = {\url{http://www.singular.uni-kl.de}},
}
%Maple
@misc{Maple,	
	author = {Maplesoft},
	title = {{Maple 2015.0, Maplesoft, a division of Waterloo Maple Inc.}},
	howpublished = {\url{http://www.maplesoft.com}},	 
}
%FGb

@inproceedings{FGb,
	author = {Faugère, Jean-Charles},
	title = {{FGb: A Library for Computing Gröbner Bases}},
	booktitle = {{Mathematical Software - ICMS 2010}},
	series = {Lecture Notes in Computer Science},
	editor = {Fukuda, Komei and Hoeven, Joris and Joswig, Michael 
	and Takayama, Nobuki}, 
	publisher = {Springer Berlin / Heidelberg},
	year = {2010},                    
	pages = {84--87},                    
	volume = {6327},
	doi = {10.1007/978-3-642-15582-6_17},
	address = {Berlin, Heidelberg},                    
	location = {Kobe, Japan},                   
	month = {September}}
%GLPK
@misc{GLPK,
	Author   =  {{The GLPK Developers}},
	title = {{GNU} {L}inear {P}rogramming {K}it},
	howpublished ={Available at \url{https://www.gnu.org/software/glpk}},
}
%Cryptominisat 5
@misc{Cryptominisat5,
	author={Soos, Mate},
	title = {The CryptoMiniSat 5},
	howpublished ={Available at \url{https://github.com/msoos/cryptominisat}},
}
%CTC1
@inproceedings{courtois2007fast,
	title={How fast can be algebraic attacks on block ciphers?},
	author={Courtois, Nicolas T},
	booktitle={Dagstuhl Seminar Proceedings},
	year={2007},
	organization={Schloss Dagstuhl-Leibniz-Zentrum f{\"u}r Informatik}
}

%CTC2
@article{courtois2007ctc2,
	title={CTC2 and Fast Algebraic Attacks on Block Ciphers Revisited.},
	author={Courtois, Nicolas},
	journal={IACR Cryptology ePrint Archive},
	year={2007}
}

%SAT
@article{jovanovic2010algebraic,
	title={Algebraic attacks using SAT-solvers},
	author={Jovanovic, Philipp and Kreuzer, Martin},
	journal={Groups--Complexity--Cryptology},
	volume={2},
	number={2},
	pages={247--259},
	year={2010}
}

%Extract equations of sbox
@inproceedings{DBLP:conf/fse/BiryukovC03,
	author    = {Alex Biryukov and
	Christophe De Canni{\`{e}}re},
	title     = {Block Ciphers and Systems of Quadratic Equations},
	booktitle = {Fast Software Encryption, 10th International Workshop, {FSE} 2003,
	Lund, Sweden, February 24-26, 2003, Revised Papers},
	pages     = {274--289},
	year      = {2003},
	crossref  = {DBLP:conf/fse/2003},
	url       = {http://dx.doi.org/10.1007/978-3-540-39887-5_21},
	doi       = {10.1007/978-3-540-39887-5_21},
	timestamp = {Mon, 18 Jan 2016 17:00:14 +0100},
	biburl    = {http://dblp.uni-trier.de/rec/bib/conf/fse/BiryukovC03},
	bibsource = {dblp computer science bibliography, http://dblp.org}
}
@proceedings{DBLP:conf/fse/2003,
	editor    = {Thomas Johansson},
	title     = {Fast Software Encryption, 10th International Workshop, {FSE} 2003,
	Lund, Sweden, February 24-26, 2003, Revised Papers},
	series    = {Lecture Notes in Computer Science},
	volume    = {2887},
	publisher = {Springer},
	year      = {2003},
	isbn      = {3-540-20449-0},
	timestamp = {Mon, 18 Jan 2016 17:00:14 +0100},
	biburl    = {http://dblp.uni-trier.de/rec/bib/conf/fse/2003},
	bibsource = {dblp computer science bibliography, http://dblp.org}
}

@misc{TikZ:for:Cryptographers,
	author = {J\'er\'emy Jean},
	title = {{TikZ for Cryptographers}},
	howpublished = {
	\url{http://www.iacr.org/authors/tikz/}
	},
	year = {2016},
}

%Bivium 
@misc{raddum2006cryptanalytic,
	author={Raddum, H},
	title={Cryptanalytic Results on Trivium. eSTREAM, ECRYPT Stream Cipher Project, Report 2006/039},
	year={2006},
}

%Trivium
@article{canniere2005trivium,
	title={Trivium specifications},
	author={Canniere, C De and Preneel, B},
	journal={citeseer. ist. psu. edu/734144. html},
	year={2005}
}

%SR
@inproceedings{cid2005small,
	title={Small scale variants of the AES},
	author={Cid, Carlos and Murphy, Sean and Robshaw, Matthew JB},
	booktitle={International Workshop on Fast Software Encryption},
	pages={145--162},
	year={2005},
	organization={Springer}
}

%DPLL
@article{davis1962machine,
	title={A machine program for theorem-proving},
	author={Davis, Martin and Logemann, George and Loveland, Donald},
	journal={Communications of the ACM},
	volume={5},
	number={7},
	pages={394--397},
	year={1962},
	publisher={ACM}
}
%DP
@article{davis1960computing,
	title={A computing procedure for quantification theory},
	author={Davis, Martin and Putnam, Hilary},
	journal={Journal of the ACM (JACM)},
	volume={7},
	number={3},
	pages={201--215},
	year={1960},
	publisher={ACM}
}

@inproceedings{silva1997grasp,
	title={GRASP—a new search algorithm for satisfiability},
	author={Silva, Jo{\~a}o P Marques and Sakallah, Karem A},
	booktitle={Proceedings of the 1996 IEEE/ACM international conference on Computer-aided design},
	pages={220--227},
	year={1997},
	organization={IEEE Computer Society}
}

@article{marques1999grasp,
	title={GRASP: A search algorithm for propositional satisfiability},
	author={Marques-Silva, Jo{\~a}o P and Sakallah, Karem A},
	journal={IEEE Transactions on Computers},
	volume={48},
	number={5},
	pages={506--521},
	year={1999},
	publisher={IEEE}
}
%sage
@manual{sagemath,
	Key          = {SageMath},
	Author       = {W.\thinspace{}A. Stein and others},
	Title        = {{S}ageMath, the {S}age {M}athematics {S}oftware {S}ystem ({V}ersion 7.2.0)},
	note         = {\url{http://www.sagemath.org}},
	Year         = {2016},
}


@inproceedings{selman1992new,
	title={A New Method for Solving Hard Satisfiability Problems.},
	author={Selman, Bart and Levesque, Hector J and Mitchell, David G and others},
	booktitle={AAAI},
	volume={92},
	pages={440--446},
	year={1992}
}



@article{papadimitriou1982combinatorial,
	title={Combinatorial optimization{\textperiodcentered} Prentice-Hall},
	author={Papadimitriou, CH and Steiglitz, K},
	journal={Inc., Englewood Cliffs, NJ},
	year={1982}
}

@article{frank1997gravity,
	title={When gravity fails: Local search topology},
	author={Frank, Jeremy and Cheeseman, Peter and Stutz, John},
	journal={Journal of Artificial Intelligence Research},
	volume={7},
	pages={249--281},
	year={1997}
}


@article {WalkSAT1996,
	author  = {Selman, B., Kautz, H., Cohen, B.},
	title   = {Local search strategies for satisfiability testing.},
	journal = {D.S. Johnson, M.A. Trick (eds.) Cliques, Coloring, and Satisfiability},
	year    = {1996},
	volume  = {26},
	pages   = {521-532}
}

@misc{cryptoeprint:2017:007,
	author = {Hossein Arabnezhad-Khanoki and Babak Sadeghiyan and Josef Pieprzyk},
	title = {Algebraic Attack Efficiency versus S-box Representation},
	howpublished = {Cryptology ePrint Archive, Report 2017/007},
	year = {2017},
	note = {\url{http://eprint.iacr.org/2017/007}},
}

@inproceedings{murphy2002essential,
	title={Essential algebraic structure within the AES},
	author={Murphy, Sean and Robshaw, Matthew JB},
	booktitle={Annual International Cryptology Conference},
	pages={1--16},
	year={2002},
	organization={Springer}
}

@book{cid2006algebraic,
	title={Algebraic aspects of the advanced encryption standard},
	author={Cid, Carlos and Murphy, Sean and Robshaw, Matthew},
	year={2006},
	publisher={Springer Science \& Business Media}
}

@misc{cryptoeprint:2008:177,
	author = {Martin Albrecht and Carlos Cid},
	title = {Algebraic Techniques in Differential Cryptanalysis},
	howpublished = {Cryptology ePrint Archive, Report 2008/177},
	year = {2008},
	note = {\url{http://eprint.iacr.org/2008/177}},
}